@article{DeFeo_intro,
    author    = {Luca De Feo},
    title     = {Mathematics of Isogeny Based Cryptography},
    journal   = {CoRR},
    volume    = {abs/1711.04062},
    year      = {2017},
    url       = {http://arxiv.org/abs/1711.04062},
    eprinttype = {arXiv},
    eprint    = {1711.04062},
    timestamp = {Mon, 13 Aug 2018 16:46:31 +0200},
    biburl    = {https://dblp.org/rec/journals/corr/abs-1711-04062.bib},
    bibsource = {dblp computer science bibliography, https://dblp.org}
}
@book{Silverman,
    title={The Arithmetic of Elliptic Curves},
    author={Silverman, J.H.},
    isbn={9780387094946},
    lccn={2009926474},
    series={Graduate Texts in Mathematics},
    url={https://books.google.it/books?id=Z90CA\_EUCCkC},
    year={2009},
    publisher={Springer New York}
}

@article{Deuring1941,
    title={Die Typen der Multiplikatorenringe elliptischer Funktionenk{\"o}rper},
    author={Max Deuring},
    journal={Abhandlungen aus dem Mathematischen Seminar der Universit{\"a}t Hamburg},
    year={1941},
    volume={14},
    pages={197-272}
}

@ARTICLE{DH,
    author={Diffie, W. and Hellman, M.},    
    journal={IEEE Transactions on Information Theory},     
    title={New directions in cryptography},    
    year={1976},    
    volume={22},    
    number={6},    
    pages={644-654},
    doi={10.1109/TIT.1976.1055638}
}

@inproceedings{Shor94,
    author    = {Peter W. Shor},
    editor    = {Leonard M. Adleman and
    Ming{-}Deh A. Huang},
    title     = {Polynominal time algorithms for discrete logarithms and factoring
    on a quantum computer},
    booktitle = {Algorithmic Number Theory, First International Symposium, ANTS-I,
    Ithaca, NY, USA, May 6-9, 1994, Proceedings},
    series    = {Lecture Notes in Computer Science},
    volume    = {877},
    pages     = {289},
    publisher = {Springer},
    year      = {1994},
    url       = {https://doi.org/10.1007/3-540-58691-1\_68},
    doi       = {10.1007/3-540-58691-1\_68},
    timestamp = {Fri, 17 Jul 2020 16:12:48 +0200},
    biburl    = {https://dblp.org/rec/conf/ants/Shor94.bib},
    bibsource = {dblp computer science bibliography, https://dblp.org}
}

@misc{Smith_DH,
    author       = {Benjamin Smith},
    title        = {Pre- and post-quantum Diffie--Hellman from groups, actions, and isogenies},
    howpublished = {Cryptology ePrint Archive, Report 2018/882},
    year         = {2018},
    note         = {\url{https://ia.cr/2018/882}},
}


@misc{Couveignes,
    author       = {Jean-Marc Couveignes},
    title        = {Hard Homogeneous Spaces},
    howpublished = {Cryptology ePrint Archive, Report 2006/291},
    year         = {2006},
    note         = {\url{https://ia.cr/2006/291}},
}

@misc{Rostovtsev,
    author       = {Alexander Rostovtsev and
    Anton Stolbunov},
    title        = {PUBLIC-KEY CRYPTOSYSTEM BASED ON ISOGENIES},
    howpublished = {Cryptology ePrint Archive, Report 2006/145},
    year         = {2006},
    note         = {\url{https://ia.cr/2006/145}},
}

@misc{CGL,
    author       = {Denis Charles and
    Eyal Goren and
    Kristin Lauter},
    title        = {Cryptographic hash functions from expander graphs},
    howpublished = {Cryptology ePrint Archive, Report 2006/021},
    year         = {2006},
    note         = {\url{https://ia.cr/2006/021}},
}

@InProceedings{SIDH11,
    author="Jao, David
    and De Feo, Luca",
    editor="Yang, Bo-Yin",
    title="Towards Quantum-Resistant Cryptosystems from Supersingular Elliptic Curve Isogenies",
    booktitle="Post-Quantum Cryptography",
    year="2011",
    publisher="Springer Berlin Heidelberg",
    address="Berlin, Heidelberg",
    pages="19--34",
    isbn="978-3-642-25405-5"
}


@article{SIDH14,
    author = {Luca De Feo and David Jao and Jérôme Plût},
    doi = {doi:10.1515/jmc-2012-0015},
    url = {https://doi.org/10.1515/jmc-2012-0015},
    title = {Towards quantum-resistant cryptosystems from supersingular elliptic curve isogenies},
    journal = {Journal of Mathematical Cryptology},
    number = {3},
    volume = {8},
    year = {2014},
    pages = {209--247}
}

@misc{Costello_SIKE,
    author       = {Craig Costello},
    title        = {Supersingular isogeny key exchange for beginners},
    howpublished = {Cryptology ePrint Archive, Report 2019/1321},
    year         = {2019},
    note         = {\url{https://ia.cr/2019/1321}},
}

@misc{SIKE_challenge,
    author       = {Aleksei Udovenko and
    Giuseppe Vitto},
    title        = "{Breaking the \$IKEp182 Challenge}",
    howpublished = {Cryptology ePrint Archive, Report 2021/1421},
    year         = {2021},
    note         = {\url{https://ia.cr/2021/1421}},
}

@article{Galbraith_SIproblems,
    title={Computational problems in supersingular elliptic curve isogenies},
    author={Steven D. Galbraith and Frederik Vercauteren},
    journal={Quantum Information Processing},
    year={2017},
    volume={17},
    pages={1-22}
}

@InProceedings{SIKE_Galbraith,
    author="Galbraith, Steven D.
    and Petit, Christophe
    and Shani, Barak
    and Ti, Yan Bo",
    editor="Cheon, Jung Hee
    and Takagi, Tsuyoshi",
    title="On the Security of Supersingular Isogeny Cryptosystems",
    booktitle="Advances in Cryptology -- ASIACRYPT 2016",
    year="2016",
    publisher="Springer Berlin Heidelberg",
    address="Berlin, Heidelberg",
    pages="63--91",
    isbn="978-3-662-53887-6"
}


@InProceedings{CSIDH,
    author="Castryck, Wouter
    and Lange, Tanja
    and Martindale, Chloe
    and Panny, Lorenz
    and Renes, Joost",
    title="{CSIDH: An Efficient Post-Quantum Commutative Group Action}",
    booktitle="Advances in Cryptology -- ASIACRYPT 2018",
    year="2018",
    publisher="Springer International Publishing",
    address="Cham",
    pages="395--427",
    isbn="978-3-030-03332-3"
}

@InProceedings{breaking_DDH,
    author="Castryck, Wouter
    and Sot{\'a}kov{\'a}, Jana
    and Vercauteren, Frederik",
    editor="Micciancio, Daniele
    and Ristenpart, Thomas",
    title="Breaking the Decisional Diffie-Hellman Problem for Class Group Actions Using Genus Theory",
    booktitle="Advances in Cryptology -- CRYPTO 2020",
    year="2020",
    publisher="Springer International Publishing",
    address="Cham",
    pages="92--120",
    isbn="978-3-030-56880-1"
}


@INPROCEEDINGS{Canetti_UC,  author={Canetti, R.},  booktitle={Proceedings 42nd IEEE Symposium on Foundations of Computer Science},   title={Universally composable security: a new paradigm for cryptographic protocols},   year={2001},  volume={},  number={},  pages={136-145},  doi={10.1109/SFCS.2001.959888}}
@misc{Lindell_tutorial,
    author       = {Yehuda Lindell},
    title        = "{How To Simulate It - A Tutorial on the Simulation Proof Technique}",
    howpublished = {Cryptology ePrint Archive, Report 2016/046},
    year         = {2016},
    note         = {\url{https://ia.cr/2016/046}},
}

@article{Rabin_OT,
    title="{How to Exchange Secrets by Oblivious Transfer}",
    author={Michael O. Rabin},
    journal={Technical Memo TR-81},
    year={1981},
    publisher={Aiken Computation Laboratory}
}
@INPROCEEDINGS{Yao_MPC,  author={Yao, Andrew C.},  booktitle={23rd Annual Symposium on Foundations of Computer Science (sfcs 1982)},   title={Protocols for secure computations},   year={1982},  volume={},  number={},  pages={160-164},  doi={10.1109/SFCS.1982.38}}
@inproceedings{GMW,
    author = {Goldreich, O. and Micali, S. and Wigderson, A.},
    title = {How to Play ANY Mental Game},
    year = {1987},
    isbn = {0897912217},
    publisher = {Association for Computing Machinery},
    address = {New York, NY, USA},
    url = {https://doi.org/10.1145/28395.28420},
    doi = {10.1145/28395.28420},
    booktitle = {Proceedings of the Nineteenth Annual ACM Symposium on Theory of Computing},
    pages = {218–229},
    numpages = {12},
    location = {New York, New York, USA},
    series = {STOC '87}
}

@misc{PVW,
    author       = {Chris Peikert and
    Vinod Vaikuntanathan and
    Brent Waters},
    title        = "{A Framework for Efficient and Composable Oblivious Transfer}",
    howpublished = {Cryptology ePrint Archive, Report 2007/348},
    year         = {2007},
    note         = {\url{https://ia.cr/2007/348}},
}
@misc{BDD,
    author       = {Paulo S. L. M. Barreto and
    Bernardo David and
    Rafael Dowsley and
    Kirill Morozov and
    Anderson C. A. Nascimento},
    title        = "{A Framework for Efficient Adaptively Secure Composable Oblivious Transfer in the ROM}",
    howpublished = {Cryptology ePrint Archive, Report 2017/993},
    year         = {2017},
    note         = {\url{https://ia.cr/2017/993}},
}
@misc{Branco,
    author       = {Pedro Branco and
    Jintai Ding and
    Manuel Goulão and
    Paulo Mateus},
    title        = "{A Framework for Universally Composable Oblivious Transfer from One-Round Key-Exchange}",
    howpublished = {Cryptology ePrint Archive, Report 2019/726},
    year         = {2019},
    note         = {\url{https://ia.cr/2019/726}},
}
@misc{Alamati,
    author       = {Navid Alamati and
    Luca De Feo and
    Hart Montgomery and
    Sikhar Patranabis},
    title        = "{Cryptographic Group Actions and Applications}",
    howpublished = {Cryptology ePrint Archive, Report 2020/1188},
    year         = {2020},
    note         = {\url{https://ia.cr/2020/1188}},
}
@misc{Dottling,
    author       = {Nico Döttling and
    Sanjam Garg and
    Mohammad Hajiabadi and
    Daniel Masny and
    Daniel Wichs},
    title        = "{Two-Round Oblivious Transfer from CDH or LPN}",
    howpublished = {Cryptology ePrint Archive, Report 2019/414},
    year         = {2019},
    note         = {\url{https://ia.cr/2019/414}},
}
@misc{AGM_UC,
    author       = {Michel Abdalla and
    Manuel Barbosa and
    Jonathan Katz and
    Julian Loss and
    Jiayu Xu},
    title        = {Algebraic Adversaries in the Universal Composability Framework},
    howpublished = {Cryptology ePrint Archive, Report 2021/1218},
    year         = {2021},
    note         = {\url{https://ia.cr/2021/1218}},
}
@misc{Lai_twists,
    author       = {Yi-Fu Lai and
    Steven D. Galbraith and
    Cyprien Delpech de Saint Guilhem},
    title        = {Compact, Efficient and UC-Secure Isogeny-Based Oblivious Transfer},
    howpublished = {Cryptology ePrint Archive, Report 2020/1012},
    year         = {2020},
    note         = {\url{https://ia.cr/2020/1012}},
}